@article{Scheffleretal2014,
author = {Scheffler, K. and Murrell, B. and {Kosakovsky Pond}, S. L.},
title = {On the Validity of Evolutionary Models with Site-Specific Parameters},
year = 2014,
journal = {PLOS ONE},
volume = {9},
pages = {e94534}
}

@article{pdb,
  author = {H. M. Berman and J. Westbrook and Z. Feng and G. Gilliland and T. N. Bhat and H. Weissig and I. N. Shindyalov and P. E. Bourne },
  title = {The Protein Data Bank},
  journal = {Nucleic Acids Res.},
  year  = {2000},
  volume = {28},
  pages = {235--242}
}


@article{McCandlish2014,
  year  = {2014},
  publisher = {University of Chicago Press},
  volume = {89},
  pages = {225--252},
  author = {D. M. McCandlish and A. Stoltzfus},
  title = {Modeling Evolution Using the Probability of Fixation: History and Implications},
  journal = {The Quarterly Review of Biology}
}

@article{Weinreich2006,
author = {Weinreich, D. M. and Delaney, N. D. and DePristo, M. A. and Hartl, D. L.},
year = 2006,
title = {Darwinian evolution can follow only very few mutational paths to fitter proteins},
journal = {Science},
volume = 312,
pages = {111--114}
}


@article{dosReis2015,
	author = {{dos Reis}, M.},
    year = 2015,
    title = {How to calculate the non-synonymous to synonymous rate ratio of protein-coding genes under the Fisher-Wright mutation-selection framework},
    journal = {Biol. Lett.},
    volume = 11,
    pages = 20141031
}

@article{Wright1931,
author = {Wright, S.},
year = 1931,
title = {Evolution in {Mendelian} populations},
journal = {Genetics},
volume = 16,
pages = {97--159}
}


@book{Fisher1930,
    title = {The Genetical Theory of Natural Selection},
    author = {R. A. Fisher},
    year = 1930,
    publisher = {Oxford University Press Pub. Co.},
    address = {Oxford}
}


@article{Doudetal2015,
author = {Doud, M. B. and Ashenberg, O. and Bloom, J. D.},
title = {Site-Specific Amino Acid Preferences Are Mostly Conserved in Two Closely Related Protein Homologs},
journal = {Mol. Biol. Evol.},
year = {2015},
volume = {32},
pages = {2944--2960}
}

@article{Rissoetal2014,
author = {Risso, V. A. and {Manssour-Triedo}, F. and {Delgado-Delgado}, A. and Arco, R. and {Barroso-delJesus}, A. and {Ingles-Prieto}, A. and {Godoy-Ruiz}, R. and Gavira, J. A. and Gaucher, E. A. and {Ibarra-Molero}, B. and {Sanchez-Ruiz}, J. M.},
title = {Mutational Studies on Resurrected Ancestral Proteins Reveal Conservation of Site-Specific Amino Acid Preferences throughout Evolutionary History},
journal =  {Mol. Biol. Evol.},
year = {2014},
volume = {32},
pages = {440--455}
}


@article{Stiffleretal2015,
author = {Stiffler, M. A. and Hekstra, D. R. and Ranganathan R.},
title = {Evolvability as a function of purifying selection in {TEM-1 $\beta$}-lactamase},
journal = {Cell},
year = {2014},
volume = {160},
pages = {882--892}
}

@article{Bloom2016,
author = {Bloom, J. D.},
title = {Identification of positive selection in genes is greatly improved by using experimentally informed site-specific models},
journal = {bioRxiv},
year = {2016},
doi = {10.1101/037689}
}

@article{Kitzmanetal2015,
author = {Kitzman, J. O. and Starita, L. M. and Lo, R.S. and Fields, S. and Shendure, J.},
title = {Massively parallel single-amino-acid mutagenesis},
journal =  {Nat. Methods},
year = {2015},
volume = {12},
pages = {203--206}
}

@article{Firnbergetal2014,
author = {Firnberg, E. and Labonte, J. W. and Gray J. J. and Ostermeier M.},
title = {A comprehensive,
high-resolution map of a geneâ€™s fitness landscape},
journal =  {Mol. Biol. Evol.},
year = {2014},
volume = {31},
pages = {1581--1592}
}


@article{Bloom2014a,
author = {Bloom, J. D.},
title = {An Experimentally Determined Evolutionary Model Dramatically Improves Phylogenetic Fit},
journal =  {Mol. Biol. Evol.},
year = {2014},
volume = {31},
pages = {1956--1978}
}

@article {ThyagarajanBloom2014,
 author = {Thyagarajan, B. and Bloom, J. D.},
 title = {The inherent mutational tolerance and antigenic evolvability of influenza hemagglutinin},
 volume = {3},
 year = {2014},
 pages = {e03300},
 journal = {eLife}
}

@article{Porto2004,
author  = {Porto, M. and Roman, H. E. and Vendruscolo, M. and Bastolla, U.},
title   = {Prediction of Site-Specific Amino Acid Distributions and Limits of Divergent Evolutionary Changes in Protein Sequences},
year    = {2004},
journal = {Mol. Biol. Evol.},
volume  = {22},
pages   = {630--638}
}

@article{Bloom2014b,
author = {Bloom, J. D.},
title = {An experimentally informed evolutionary model improves phylogenetic fit to divergent lactamase homologs},
journal =  {Mol. Biol. Evol.},
year = {2014},
volume = {31},
pages = {2753--2769}
}

@article{Ashenbergetal2013,
author = {Ashenberg, O. and Gong, L. I. and Bloom, J. D.},
title = {Mutational effects on stability are largely conserved during protein evolution},
journal = {Proc. Natl. Acad. Sci. U.S.A.},
year = {2013},
volume = {110},
pages = {21071--21076}
}

@article{Pollacketal2012,
author = {Pollack, D. D. and Thiltgen, G. and Goldstein, R. A.},
title = {Amino acid coevolution induces an evolutionary {Stokes} shift},
journal = {Proc. Natl. Acad. Sci. U.S.A.},
year = {2012},
volume = {109},
pages = {E1352--E1359},
}

@article{Shahetal2015,
author = {Shah, P. and McCandlish, D. M. and Plotkin, J. B.},
title = {Contingency and entrenchment in protein evolution under purifying selection},
journal = {Proc. Natl. Acad Sci. U.S.A.},
year = {2015},
volume = {112},
pages = {E3226--E3235}}





@article{DraghiPlotkin2013,
author = {Draghi, J. A. and Plotkin, J. B.},
title = {Selection biases the prevalence and types of epistatis along adaptive trajectories},
journal = {Evolution},
year = {2013},
volume = {67},
pages = {3120--3131},
month = jul
}



@article{GongSuchardBloom2013,
author = {Gong, L. I. and Suchard, M. A. and Bloom, J. D.},
title = {Stability-Mediated Epistasis Constrains the Evolution of an Influenza Protein},
journal = {eLife},
year = {2013},
volume = {2},
pages = {e00631},
}


@article{Abriataetal2015,
author = {Abriata, L. A. and Palzkill, T. and {Dal Peraro}, M.},
title = {How Structural and Physicochemical Determinants Shape Sequence Constraints in a Functional Enzyme},
journal = {PLOS ONE},
year = {2015},
volume = {10},
pages = {e0118684--15}
}

@article{SellaHirsh2005,
author = {Sella, G. and Hirsh, A. E.},
title = {The application of statistical physics to evolutionary biology},
journal = {Proc. Natl. Acad. Sci. U.S.A.},
year = {2005},
volume = {102},
pages = {9541--9546}
}

@article{SpielmanWilke2015,
author = {Spielman, S. J. and Wilke, C. O.},
title = {The relationship between \emph{dN/dS} and scaled selection coefficients},
journal = {Mol. Biol. Evol.},
year = {2015},
volume = {32},
pages = {1097--1108},
month = jan
}

@article{ZhouWilke2011,
author = {Zhou, T. and Wilke, C. O.},
title = {Reduced stability of {mRNA} secondary structure near the translation-initiation site in {dsDNA} viruses},
journal = {BMC Evol. Biol.},
year = {2011},
volume = {11},
pages = {59}
}

@article{Rodrigue2008,
author = {Rodrigue, N. and Lartillot, N. and Phillipe, H.},
title = {Bayesian Comparisons of Codon Substitution Models},
journal = {Genetics},
year = {2008},
volume = {180},
pages = {1579--1591}
}

@article{MustonenLassig2009,
author = {Mustonen, V. and L\"{a}ssig, M,},
title = {From fitness landscapes to seascapes: {Non}-equilibrium dynamics of selection and adaptation},
journal = {Trends Genet.},
year = {2009},
volume = {25},
pages = {111--119}
}

@article{Whelan2008,
author = {Whelan, S.},
title = {Spatial and Temporal Heterogeneity in Nucleotide Sequence Evolution},
journal = {Mol. Biol. Evol.},
year = {2008},
volume = {25},
pages = {1683--1694}
}

@article{Ratnakumaretal2010,
author = {Ratnakumar, A. and Mousset, S. and Gl\'{e}min, S. and Berglund, J. and Galtier, N. and Duret, L. and Webster, M. T.},
title = {Detecting positive selection within genomes: the problem of biased gene conversion},
journal = {Phil. Trans. R. Soc. B},
year = {2010},
volume = {365},
pages = {2571--2580}
}

@article{SpielmanWanWilke2015,
author = {Spielman, S. J. and Wan, S. and Wilke, C. O.},
title = {One-rate models outperform two-rate models in site-specific \emph{dN/dS} estimation},
year = {2015},
journal = {bioRxiv},
doi = {10.1101/032805}
}

@article{pyvolve,
author = {Spielman, S. J. and Wilke, C. O.},
title = {Pyvolve: A flexible Python module for simulating sequences along phylogenies},
journal = {PLOS ONE},
year = {2015},
volume = 10,
pages = {e0139047},
month = aug
}

@article{Kimura1962,
author = {Kimura, M.},
title = {On the probability of fixation of mutant genes in a population},
journal = {Genetics},
year = {1962},
volume = {4},
pages = {713--719}
}

@article{Thorneetal2007,
author = {Thorne, J. L. and Choi, S. C. and Yu, J. and Higgs, P. G. and Kishino, H.},
title = {Population genetics without intraspecific data},
journal = {Mol. Biol. Evol.},
year = {2007},
volume = {24},
pages = {1667--1677}
}

@incollection{Thorne2012,
author = {Thorne, J. L. and Lartillot, N. and Rodrigue, N. and Choi, S. C.},
title = {Codon models as vehicles for reconciling population genetics with inter-specific data},
editor = {Cannarozzi, G. and Schneider, A.},
booktitle = {Codon evolution: {M}echanisms and models},
publisher = {{Oxford University Press}},
year = {2012}
}

@article{Holder2008,
author = {Holder, M. T. and Zwickl, D. J. and Dessimoz, C.},
title = {Evaluating the robustness of phylogenetic methods to among-site variability in substitution processes},
journal = {Phil. Trans. R. Soc. B},
year = {2008},
volume = {363},
pages = {4013--4021}
}

@article{Anisimova2009,
author = {Anisimova, M. and Kosiol, C.},
title = {Investigating Protein-Coding Sequence Evolution with Probabilistic Codon Substitution Models},
journal = {Mol. Biol. Evol.},
year = {2009},
volume = {26},
pages = {255--271}
}

@article{BierneEyreWalker2003,
Author = {N. Bierne and A. Eyre-Walker},
Journal = {Genetics},
Pages = {1587--1597},
Title = {The Problem of Counting Sites in the Estimation of the Synonymous and Nonsynonymous Substitution Rates: Implications for the Correlation Between the Synonymous Substitution Rate and Codon Usage Bias},
Volume = {165},
Year = {2003}
}

@article{HalpernBruno1998,
author = {Halpern, A. L. and Bruno, W. J.},
year = {1998},
title = {Evolutionary distances for protein-coding sequences: modeling site-specific residue frequencies},
journal = {Mol. Biol. Evol.},
volume = 15,
pages = {910--917}
}

@article{Tamurietal2012,
author = {Tamuri, A. U. and {dos Reis}, M. and Goldstein, R. A.},
year = 2012,
title = {Estimating the distribution of selection coefficients from phylogenetic data using sitewise mutation-selection models},
journal = {Genetics},
volume = 190,
pages = {1101--1115}
}

@article{Tamurietal2014,
author = {Tamuri, A. U. and Goldman, N. and {dos Reis}, M.},
year = 2014,
title = {A penalized-likelihood method to estimate the distribution of selection coefficients from phylogenetic data},
journal = {Genetics},
volume = 197,
pages = {257--271}
}

@article{Rodrigueetal2010,
author = {N. Rodrigue and H. Philippe and N. Lartillot},
journal = {Proc. Natl. Acad. Sci. U.S.A.},
pages = {4629--4634},
title = {Mutation-selection models of coding sequence evolution with site-heterogeneous amino acid fitness profiles},
volume = 107,
year = 2010
}

@Manual{R,
    title = {{R: A} Language and Environment for Statistical Computing},
    author = {{R Core Team}},
    organization = {R Foundation for Statistical Computing},
    address = {Vienna, Austria},
    year = {2015},
    url = {https://www.R-project.org/},
}


@article{Rodrigue2013,
title = {On the Statistical Interpretation of Site-Specific Variables in Phylogeny-Based Substitution Models},
author = {N. Rodrigue},
journal = {Genetics},
year = 2013,
volume = 193,
pages = {557--564}
}


@book{CrowKimura1970,
    title = {An Introduction to Population Genetics Theory},
    author = {J. F. Crow and M. Kimura},
    year = 1970,
    publisher = {Burgess Pub. Co.},
    address = {California}
}

@article{EchaveSpielmanWilke2016,
title = {Causes of evolutionary rate variation among protein sites},
author = {Echave, J. and Spielman, S. J. and Wilke, C. O.},
journal = {Nat. Rev. Genet.},
year = 2016,
volume = 17,
pages = {109--121}
}

@manual{tracer,
  author = {Rambaut, A. and Suchard, M. A. and Xie, D. and Drummond, A. J.},
  title = {Tracer v1.6},
  year = {2014},
  url = {http://beast.bio.ed.ac.uk/Tracer}
}


@article{RodrigueLartillot2014,
author = {Rodrigue, N. and Lartillot, N.},
title = {Site-heterogeneous mutation-selection models within the {PhyloBayes-MPI} Package},
journal = {Bioinformatics},
year = {2014},
volume = {30},
pages = {1020--1021}
}

@article{YangNielsen2008,
author = {Z. Yang and R. Nielsen},
title = {Mutation-Selection Models of Codon Substitution and Their Use to Estimate Selective Strengths on Codon Usage},
journal = {Mol. Biol. Evol.},
volume = 25,
pages = {568--579},
year = 2008
}

@article{Ramseyetal2011,
author = {D. C. Ramsey and M. P. Scherrer and T. Zhou and C. O. Wilke},
journal = {Genetics},
pages = {479--488},
title = {The relationship between relative solvent accessibility and evolutionary rate in protein evolution},
volume = 188,
year = 2011
}

@book{CrowKimura1970,
title = {An Introduction to Population Genetics Theory},
author = {James F. Crow and Motoo Kimura},
year = 1970,
publisher = {Burgess Pub. Co.},
address = {California}
}
